%% This BibTeX bibliography file was created using BibDesk.
%% http://bibdesk.sourceforge.net/


%% Created for Haichao at 2012-08-25 13:33:42 +0200 


%% Saved with string encoding Unicode (UTF-8) 



@url{wiki-nonfunctional,
	Date-Added = {2012-08-25 13:00:10 +0200},
	Date-Modified = {2012-08-25 13:32:35 +0200},
	Title = {http://en.wikipedia.org/wiki/Non-Functional{$\underline{\hbox{\ }}$}Requirements},
	Url = {http://en.wikipedia.org/wiki/Non-Functional_Requirements},
	Urldate = {08 2012},
	Bdsk-Url-1 = {http://en.wikipedia.org/wiki/Non-Functional_Requirements}}

@url{wiki-functional,
	Date-Added = {2012-08-25 12:58:42 +0200},
	Date-Modified = {2012-08-25 13:33:42 +0200},
	Title = {http://en.wikipedia.org/wiki/Functional{$\underline{\hbox{\ }}$}requirement},
	Url = {http://en.wikipedia.org/wiki/Functional_requirement},
	Urldate = {08 2012},
	Bdsk-Url-1 = {http://en.wikipedia.org/wiki/Functional_requirement}}

@article{oveneffect-livraghi,
	Author = {Tito Livraghi et al.},
	Date-Added = {2012-08-20 18:34:12 +0200},
	Date-Modified = {2012-08-20 18:34:57 +0200},
	Journal = {Radiology 210},
	Title = {Small Hepatocellular Carcinoma: Treatment with Radio-frequency Ablation versus Ethanol Injection},
	Year = {1999},
	Bdsk-File-1 = {YnBsaXN0MDDUAQIDBAUIJidUJHRvcFgkb2JqZWN0c1gkdmVyc2lvblkkYXJjaGl2ZXLRBgdUcm9vdIABqAkKFRYXGyIjVSRudWxs0wsMDQ4RFFpOUy5vYmplY3RzV05TLmtleXNWJGNsYXNzog8QgASABqISE4ACgAOAB1lhbGlhc0RhdGFccmVsYXRpdmVQYXRo0hgNGRpXTlMuZGF0YU8RAaAAAAAAAaAAAgAADE1hY2ludG9zaCBIRAAAAAAAAAAAAAAAAAAAAMgG0jtIKwAAALexAww2NTUuZnVsbC5wZGYAAAAAAAAAAAAAAAAAAAAAAAAAAAAAAAAAAAAAAAAAAAAAAAAAAAAAAAAAAAAAAAAAAAAAxNU+zFgs6QAAAAAAAAAAAAUABAAACSAAAAAAAAAAAAAAAAAAAAAMYmlibGlvZ3JhcGh5ABAACAAAyAa2GwAAABEACAAAzFgQyQAAAAEAFAC3sQMAOJyoAAkTSwAISe8AAJI/AAIAQU1hY2ludG9zaCBIRDpVc2VyczpoYWljaGFvOlVuaTpCYWNoZWxvcjpiaWJsaW9ncmFwaHk6NjU1LmZ1bGwucGRmAAAOABoADAA2ADUANQAuAGYAdQBsAGwALgBwAGQAZgAPABoADABNAGEAYwBpAG4AdABvAHMAaAAgAEgARAASADRVc2Vycy9oYWljaGFvL1VuaS9CYWNoZWxvci9iaWJsaW9ncmFwaHkvNjU1LmZ1bGwucGRmABMAAS8AABUAAgAO//8AAIAF0hwdHh9YJGNsYXNzZXNaJGNsYXNzbmFtZaMfICFdTlNNdXRhYmxlRGF0YVZOU0RhdGFYTlNPYmplY3RfEDUuLi8uLi8uLi8uLi8uLi9VbmkvQmFjaGVsb3IvYmlibGlvZ3JhcGh5LzY1NS5mdWxsLnBkZtIcHSQloiUhXE5TRGljdGlvbmFyeRIAAYagXxAPTlNLZXllZEFyY2hpdmVyAAgAEQAWAB8AKAAyADUAOgA8AEUASwBSAF0AZQBsAG8AcQBzAHYAeAB6AHwAhgCTAJgAoAJEAkYCSwJUAl8CYwJxAngCgQK5Ar4CwQLOAtMAAAAAAAACAQAAAAAAAAAoAAAAAAAAAAAAAAAAAAAC5Q==}}

@article{heatsink-lu,
	Author = {David S. K. Lu et al.},
	Date-Added = {2012-08-20 18:31:11 +0200},
	Date-Modified = {2012-08-20 18:33:06 +0200},
	Journal = {AJR178},
	Title = {Effect of Vessel Size on Creation of Hepatic Radiofrequency Lesions in Pigs: Assessment of the ``Heat Sink'' Effect},
	Year = {2002},
	Bdsk-File-1 = {YnBsaXN0MDDUAQIDBAUIJidUJHRvcFgkb2JqZWN0c1gkdmVyc2lvblkkYXJjaGl2ZXLRBgdUcm9vdIABqAkKFRYXGyIjVSRudWxs0wsMDQ4RFFpOUy5vYmplY3RzV05TLmtleXNWJGNsYXNzog8QgASABqISE4ACgAOAB1lhbGlhc0RhdGFccmVsYXRpdmVQYXRo0hgNGRpXTlMuZGF0YU8RAZwAAAAAAZwAAgAADE1hY2ludG9zaCBIRAAAAAAAAAAAAAAAAAAAAMgG0jtIKwAAALexAws0Ny5mdWxsLnBkZgAAAAAAAAAAAAAAAAAAAAAAAAAAAAAAAAAAAAAAAAAAAAAAAAAAAAAAAAAAAAAAAAAAAAAAxNSTzFgrlQAAAAAAAAAAAAUABAAACSAAAAAAAAAAAAAAAAAAAAAMYmlibGlvZ3JhcGh5ABAACAAAyAa2GwAAABEACAAAzFgPdQAAAAEAFAC3sQMAOJyoAAkTSwAISe8AAJI/AAIAQE1hY2ludG9zaCBIRDpVc2VyczpoYWljaGFvOlVuaTpCYWNoZWxvcjpiaWJsaW9ncmFwaHk6NDcuZnVsbC5wZGYADgAYAAsANAA3AC4AZgB1AGwAbAAuAHAAZABmAA8AGgAMAE0AYQBjAGkAbgB0AG8AcwBoACAASABEABIAM1VzZXJzL2hhaWNoYW8vVW5pL0JhY2hlbG9yL2JpYmxpb2dyYXBoeS80Ny5mdWxsLnBkZgAAEwABLwAAFQACAA7//wAAgAXSHB0eH1gkY2xhc3Nlc1okY2xhc3NuYW1lox8gIV1OU011dGFibGVEYXRhVk5TRGF0YVhOU09iamVjdF8QNC4uLy4uLy4uLy4uLy4uL1VuaS9CYWNoZWxvci9iaWJsaW9ncmFwaHkvNDcuZnVsbC5wZGbSHB0kJaIlIVxOU0RpY3Rpb25hcnkSAAGGoF8QD05TS2V5ZWRBcmNoaXZlcgAIABEAFgAfACgAMgA1ADoAPABFAEsAUgBdAGUAbABvAHEAcwB2AHgAegB8AIYAkwCYAKACQAJCAkcCUAJbAl8CbQJ0An0CtAK5ArwCyQLOAAAAAAAAAgEAAAAAAAAAKAAAAAAAAAAAAAAAAAAAAuA=}}

@url{img-litt2,
	Date-Added = {2012-08-20 16:51:56 +0200},
	Date-Modified = {2012-08-25 13:19:42 +0200},
	Title = {http://radiology.rsna.org/content/260/3/633/F15.large.jpg},
	Url = {http://radiology.rsna.org/content/260/3/633/F15.large.jpg},
	Urldate = {08.2012},
	Bdsk-Url-1 = {http://radiology.rsna.org/content/260/3/633/F15.large.jpg}}

@url{img-litt1,
	Date-Added = {2012-08-20 16:51:22 +0200},
	Date-Modified = {2012-08-25 13:19:52 +0200},
	Title = {http://radiology.rsna.org/content/260/3/633/F16.large.jpg},
	Url = {http://radiology.rsna.org/content/260/3/633/F16.large.jpg},
	Urldate = {08.2012},
	Bdsk-Url-1 = {http://radiology.rsna.org/content/260/3/633/F16.large.jpg}}

@article{img-hifu,
	Author = {Kennedy JE and Ter Haar GR and Cranston D},
	Date-Added = {2012-08-20 16:48:22 +0200},
	Date-Modified = {2012-08-20 17:40:12 +0200},
	Journal = {Br J Radiol},
	Title = {High intensity focused ultrasound: surgery of the future?},
	Year = {2003}}

@booklet{microtaze,
	Date-Added = {2012-08-17 11:44:35 +0200},
	Date-Modified = {2012-08-17 11:46:11 +0200},
	Title = {Microtaze Brochure by Heiwa, Osaka, Japan}}

@article{mw-jones,
	Author = {Robert P. Jones},
	Date-Added = {2012-08-11 16:47:47 +0200},
	Date-Modified = {2012-08-20 18:29:47 +0200},
	Journal = {Int. J. Hyperthermia, February},
	Title = {Microwave ablation of ex vivo human liver and colorectal liver metastases with a novel 14.5 GHz generator},
	Year = {2012},
	Bdsk-File-1 = {YnBsaXN0MDDUAQIDBAUIJidUJHRvcFgkb2JqZWN0c1gkdmVyc2lvblkkYXJjaGl2ZXLRBgdUcm9vdIABqAkKFRYXGyIjVSRudWxs0wsMDQ4RFFpOUy5vYmplY3RzV05TLmtleXNWJGNsYXNzog8QgASABqISE4ACgAOAB1lhbGlhc0RhdGFccmVsYXRpdmVQYXRo0hgNGRpXTlMuZGF0YU8RAdgAAAAAAdgAAgAADE1hY2ludG9zaCBIRAAAAAAAAAAAAAAAAAAAAMgG0jtIKwAAALexAxpNaWNyb3dhdmUgUm9iZXJ0IEpvbmVzLnBkZgAAAAAAAAAAAAAAAAAAAAAAAAAAAAAAAAAAAAAAAAAAAAAAAAAAw42FzEw9KwAAAAAAAAAAAAUABAAACSAAAAAAAAAAAAAAAAAAAAAMYmlibGlvZ3JhcGh5ABAACAAAyAa2GwAAABEACAAAzEwhCwAAAAEAFAC3sQMAOJyoAAkTSwAISe8AAJI/AAIAT01hY2ludG9zaCBIRDpVc2VyczpoYWljaGFvOlVuaTpCYWNoZWxvcjpiaWJsaW9ncmFwaHk6TWljcm93YXZlIFJvYmVydCBKb25lcy5wZGYAAA4ANgAaAE0AaQBjAHIAbwB3AGEAdgBlACAAUgBvAGIAZQByAHQAIABKAG8AbgBlAHMALgBwAGQAZgAPABoADABNAGEAYwBpAG4AdABvAHMAaAAgAEgARAASAEJVc2Vycy9oYWljaGFvL1VuaS9CYWNoZWxvci9iaWJsaW9ncmFwaHkvTWljcm93YXZlIFJvYmVydCBKb25lcy5wZGYAEwABLwAAFQACAA7//wAAgAXSHB0eH1gkY2xhc3Nlc1okY2xhc3NuYW1lox8gIV1OU011dGFibGVEYXRhVk5TRGF0YVhOU09iamVjdF8QQy4uLy4uLy4uLy4uLy4uL1VuaS9CYWNoZWxvci9iaWJsaW9ncmFwaHkvTWljcm93YXZlIFJvYmVydCBKb25lcy5wZGbSHB0kJaIlIVxOU0RpY3Rpb25hcnkSAAGGoF8QD05TS2V5ZWRBcmNoaXZlcgAIABEAFgAfACgAMgA1ADoAPABFAEsAUgBdAGUAbABvAHEAcwB2AHgAegB8AIYAkwCYAKACfAJ+AoMCjAKXApsCqQKwArkC/wMEAwcDFAMZAAAAAAAAAgEAAAAAAAAAKAAAAAAAAAAAAAAAAAAAAys=}}

@incollection{laser-vogl,
	Author = {Thomas J. Vogl et al.},
	Booktitle = {Tumor Ablation},
	Date-Added = {2012-08-11 13:06:27 +0200},
	Date-Modified = {2012-08-11 13:07:50 +0200},
	Publisher = {Springer},
	Title = {Percutaneous Laser Therapy of Primary and Secondary Liver Tumors and Soft Tissue Lesions: Technical Concepts, Limitations, Results, and Indications.},
	Year = {2005}}

@incollection{laser-mack,
	Author = {Martin G. Mack and Thomas J. Vogl},
	Booktitle = {Percutaneos Tumor Ablation in Medical Radiology},
	Date-Added = {2012-08-11 12:42:13 +0200},
	Date-Modified = {2012-08-11 12:44:04 +0200},
	Publisher = {Springer},
	Title = {Laser Ablation},
	Year = {2008}}

@booklet{cryohit,
	Date-Added = {2012-08-10 15:50:37 +0200},
	Date-Modified = {2012-08-10 15:52:35 +0200},
	Title = {Cryohit Brochure by Galil Medical},
	Bdsk-File-1 = {YnBsaXN0MDDUAQIDBAUIJidUJHRvcFgkb2JqZWN0c1gkdmVyc2lvblkkYXJjaGl2ZXLRBgdUcm9vdIABqAkKFRYXGyIjVSRudWxs0wsMDQ4RFFpOUy5vYmplY3RzV05TLmtleXNWJGNsYXNzog8QgASABqISE4ACgAOAB1lhbGlhc0RhdGFccmVsYXRpdmVQYXRo0hgNGRpXTlMuZGF0YU8RAeoAAAAAAeoAAgAADE1hY2ludG9zaCBIRAAAAAAAAAAAAAAAAAAAAMgG0jtIKwAAAMNggRlHYWxpbCBNZWRpY2FsIENyeW9IaXQucGRmAAAAAAAAAAAAAAAAAAAAAAAAAAAAAAAAAAAAAAAAAAAAAAAAAAAAw1o6zErd/AAAAAAAAAAAAAUABQAACSAAAAAAAAAAAAAAAAAAAAAJYnJvY2h1cmVzAAAQAAgAAMgGthsAAAARAAgAAMxKwdwAAAABABgAw2CBALexAwA4nKgACRNLAAhJ7wAAkj8AAgBYTWFjaW50b3NoIEhEOlVzZXJzOmhhaWNoYW86VW5pOkJhY2hlbG9yOmJpYmxpb2dyYXBoeTpicm9jaHVyZXM6R2FsaWwgTWVkaWNhbCBDcnlvSGl0LnBkZgAOADQAGQBHAGEAbABpAGwAIABNAGUAZABpAGMAYQBsACAAQwByAHkAbwBIAGkAdAAuAHAAZABmAA8AGgAMAE0AYQBjAGkAbgB0AG8AcwBoACAASABEABIAS1VzZXJzL2hhaWNoYW8vVW5pL0JhY2hlbG9yL2JpYmxpb2dyYXBoeS9icm9jaHVyZXMvR2FsaWwgTWVkaWNhbCBDcnlvSGl0LnBkZgAAEwABLwAAFQACAA7//wAAgAXSHB0eH1gkY2xhc3Nlc1okY2xhc3NuYW1lox8gIV1OU011dGFibGVEYXRhVk5TRGF0YVhOU09iamVjdF8QTC4uLy4uLy4uLy4uLy4uL1VuaS9CYWNoZWxvci9iaWJsaW9ncmFwaHkvYnJvY2h1cmVzL0dhbGlsIE1lZGljYWwgQ3J5b0hpdC5wZGbSHB0kJaIlIVxOU0RpY3Rpb25hcnkSAAGGoF8QD05TS2V5ZWRBcmNoaXZlcgAIABEAFgAfACgAMgA1ADoAPABFAEsAUgBdAGUAbABvAHEAcwB2AHgAegB8AIYAkwCYAKACjgKQApUCngKpAq0CuwLCAssDGgMfAyIDLwM0AAAAAAAAAgEAAAAAAAAAKAAAAAAAAAAAAAAAAAAAA0Y=}}

@article{mulier-rfa,
	Author = {S. Mulier and P. Mulier et al.},
	Date-Added = {2012-06-01 13:47:34 +0200},
	Date-Modified = {2012-08-20 17:40:27 +0200},
	Journal = {British Journal of Surgery 89, 1206-1222},
	Title = {Complications of radiofrequency coagulation of liver tumours},
	Year = {2002},
	Bdsk-File-1 = {YnBsaXN0MDDUAQIDBAUIJidUJHRvcFgkb2JqZWN0c1gkdmVyc2lvblkkYXJjaGl2ZXLRBgdUcm9vdIABqAkKFRYXGyIjVSRudWxs0wsMDQ4RFFpOUy5vYmplY3RzV05TLmtleXNWJGNsYXNzog8QgASABqISE4ACgAOAB1lhbGlhc0RhdGFccmVsYXRpdmVQYXRo0hgNGRpXTlMuZGF0YU8RAZwAAAAAAZwAAgAADE1hY2ludG9zaCBIRAAAAAAAAAAAAAAAAAAAAMgG0jtIKwAAALexAwsyNDdfZnRwLnBkZgAAAAAAAAAAAAAAAAAAAAAAAAAAAAAAAAAAAAAAAAAAAAAAAAAAAAAAAAAAAAAAAAAAAAAAuUI0y+54QQAAAAAAAAAAAAUABAAACSAAAAAAAAAAAAAAAAAAAAAMYmlibGlvZ3JhcGh5ABAACAAAyAa2GwAAABEACAAAy+5cIQAAAAEAFAC3sQMAOJyoAAkTSwAISe8AAJI/AAIAQE1hY2ludG9zaCBIRDpVc2VyczpoYWljaGFvOlVuaTpCYWNoZWxvcjpiaWJsaW9ncmFwaHk6MjQ3X2Z0cC5wZGYADgAYAAsAMgA0ADcAXwBmAHQAcAAuAHAAZABmAA8AGgAMAE0AYQBjAGkAbgB0AG8AcwBoACAASABEABIAM1VzZXJzL2hhaWNoYW8vVW5pL0JhY2hlbG9yL2JpYmxpb2dyYXBoeS8yNDdfZnRwLnBkZgAAEwABLwAAFQACAA7//wAAgAXSHB0eH1gkY2xhc3Nlc1okY2xhc3NuYW1lox8gIV1OU011dGFibGVEYXRhVk5TRGF0YVhOU09iamVjdF8QNC4uLy4uLy4uLy4uLy4uL1VuaS9CYWNoZWxvci9iaWJsaW9ncmFwaHkvMjQ3X2Z0cC5wZGbSHB0kJaIlIVxOU0RpY3Rpb25hcnkSAAGGoF8QD05TS2V5ZWRBcmNoaXZlcgAIABEAFgAfACgAMgA1ADoAPABFAEsAUgBdAGUAbABvAHEAcwB2AHgAegB8AIYAkwCYAKACQAJCAkcCUAJbAl8CbQJ0An0CtAK5ArwCyQLOAAAAAAAAAgEAAAAAAAAAKAAAAAAAAAAAAAAAAAAAAuA=}}

@url{itk,
	Date-Added = {2012-05-29 15:42:55 +0200},
	Date-Modified = {2012-08-20 14:45:57 +0200},
	Month = {05},
	Title = {http://www.itk.org},
	Url = {http://www.itk.org},
	Year = {2012},
	Bdsk-Url-1 = {http://www.itk.org}}

@url{vtk,
	Date-Added = {2012-05-29 15:36:34 +0200},
	Date-Modified = {2012-08-20 14:46:13 +0200},
	Month = {05},
	Title = {http://www.vtk.org/},
	Url = {http://www.vtk.org/},
	Year = {2012},
	Bdsk-Url-1 = {http://www.vtk.org/}}

@article{slicer-pieper,
	Author = {Steve Pieper and Michael Halle and Ron Kikinis},
	Date-Added = {2012-05-29 15:31:42 +0200},
	Date-Modified = {2012-05-29 15:33:20 +0200},
	Institution = {Surgical Planning Laboratory, Brigham and Women's Hospital; Isomics, Inc.},
	Journal = {IEEE},
	Title = {3D SLICER},
	Year = {2004},
	Bdsk-File-1 = {YnBsaXN0MDDUAQIDBAUIJidUJHRvcFgkb2JqZWN0c1gkdmVyc2lvblkkYXJjaGl2ZXLRBgdUcm9vdIABqAkKFRYXGyIjVSRudWxs0wsMDQ4RFFpOUy5vYmplY3RzV05TLmtleXNWJGNsYXNzog8QgASABqISE4ACgAOAB1lhbGlhc0RhdGFccmVsYXRpdmVQYXRo0hgNGRpXTlMuZGF0YU8RAaAAAAAAAaAAAgAADE1hY2ludG9zaCBIRAAAAAAAAAAAAAAAAAAAAMgG0jtIKwAAALexAwwwMTM5ODYxNy5wZGYAAAAAAAAAAAAAAAAAAAAAAAAAAAAAAAAAAAAAAAAAAAAAAAAAAAAAAAAAAAAAAAAAAAAAuM/ry+qcJQAAAAAAAAAAAAUABAAACSAAAAAAAAAAAAAAAAAAAAAMYmlibGlvZ3JhcGh5ABAACAAAyAa2GwAAABEACAAAy+qABQAAAAEAFAC3sQMAOJyoAAkTSwAISe8AAJI/AAIAQU1hY2ludG9zaCBIRDpVc2VyczpoYWljaGFvOlVuaTpCYWNoZWxvcjpiaWJsaW9ncmFwaHk6MDEzOTg2MTcucGRmAAAOABoADAAwADEAMwA5ADgANgAxADcALgBwAGQAZgAPABoADABNAGEAYwBpAG4AdABvAHMAaAAgAEgARAASADRVc2Vycy9oYWljaGFvL1VuaS9CYWNoZWxvci9iaWJsaW9ncmFwaHkvMDEzOTg2MTcucGRmABMAAS8AABUAAgAO//8AAIAF0hwdHh9YJGNsYXNzZXNaJGNsYXNzbmFtZaMfICFdTlNNdXRhYmxlRGF0YVZOU0RhdGFYTlNPYmplY3RfEDUuLi8uLi8uLi8uLi8uLi9VbmkvQmFjaGVsb3IvYmlibGlvZ3JhcGh5LzAxMzk4NjE3LnBkZtIcHSQloiUhXE5TRGljdGlvbmFyeRIAAYagXxAPTlNLZXllZEFyY2hpdmVyAAgAEQAWAB8AKAAyADUAOgA8AEUASwBSAF0AZQBsAG8AcQBzAHYAeAB6AHwAhgCTAJgAoAJEAkYCSwJUAl8CYwJxAngCgQK5Ar4CwQLOAtMAAAAAAAACAQAAAAAAAAAoAAAAAAAAAAAAAAAAAAAC5Q==}}

@url{slicer-qt,
	Date-Added = {2012-05-29 15:16:05 +0200},
	Date-Modified = {2012-08-20 14:46:27 +0200},
	Month = {05},
	Title = {http://wiki.slicer.org/slicerWiki/index.php/Slicer4:QtPort},
	Url = {http://wiki.slicer.org/slicerWiki/index.php/Slicer4:QtPort},
	Year = {2012},
	Bdsk-Url-1 = {http://wiki.slicer.org/slicerWiki/index.php/Slicer4:QtPort}}

@incollection{sharon-cryo,
	Author = {Sharon M. Weber and Fred T. Lee Jr.},
	Booktitle = {Tumor Ablation},
	Date-Added = {2012-05-25 16:06:56 +0200},
	Date-Modified = {2012-08-20 17:41:37 +0200},
	Publisher = {Springer},
	Title = {Cryoablation: Hisotry, Mechanism of Action, and Guidance Modalities},
	Year = {2005}}

@article{silverman-cryo,
	Author = {Stuart Silverman et al.},
	Date-Added = {2012-05-25 14:55:28 +0200},
	Date-Modified = {2012-08-20 14:52:59 +0200},
	Journal = {Diagn Interv Radiol 2010; 16:90--95},
	Title = {Percutaneous cryoablation techniques and clinical applications},
	Year = {2010}}

@article{gage-cryo,
	Author = {Andrew A. Gage and John G. Baust},
	Date-Added = {2012-05-25 13:50:31 +0200},
	Date-Modified = {2012-08-20 17:43:26 +0200},
	Journal = {CRYOBIOLOGY 37, 171--186 (1998)},
	School = {The Department of Surgery, State University of New York, Buffalo, New York 14214, U.S.A. and The Center for Cryobiological Research, State University of New York, Binghamton, New York 13902, U.S.A.},
	Title = {Mechanisms of Tissue Injury in Cryosurgery},
	Year = {1998}}

@incollection{mortele-mri,
	Author = {Koenraad J. Mortele et al.},
	Booktitle = {Tumor Ablation},
	Date-Added = {2012-05-25 13:20:37 +0200},
	Date-Modified = {2012-05-25 13:22:01 +0200},
	Publisher = {Springer},
	Title = {Magnetic Resonance Imaging Guidance for Tumor Ablation},
	Year = {2005}}

@url{slicer-intro,
	Date-Added = {2012-05-24 17:03:40 +0200},
	Date-Modified = {2012-08-20 14:46:38 +0200},
	Month = {07},
	Title = {http://www.slicer.org/pages/Introduction},
	Url = {http://www.slicer.org/pages/Introduction},
	Year = {2011},
	Bdsk-Url-1 = {http://www.slicer.org/pages/Introduction}}

@article{lu-mwa,
	Author = {Ming-de Lu et al},
	Date-Added = {2012-05-24 15:17:17 +0200},
	Date-Modified = {2012-08-20 17:42:52 +0200},
	Journal = {Radiology 2001; 221:167--172},
	Title = {Hepatocellular Carcinoma: US-guided Percutaneous Microwave Coagulation Therapy},
	Year = {2001},
	Bdsk-File-1 = {YnBsaXN0MDDUAQIDBAUIJidUJHRvcFgkb2JqZWN0c1gkdmVyc2lvblkkYXJjaGl2ZXLRBgdUcm9vdIABqAkKFRYXGyIjVSRudWxs0wsMDQ4RFFpOUy5vYmplY3RzV05TLmtleXNWJGNsYXNzog8QgASABqISE4ACgAOAB1lhbGlhc0RhdGFccmVsYXRpdmVQYXRo0hgNGRpXTlMuZGF0YU8RAYgAAAAAAYgAAgAADE1hY2ludG9zaCBIRAAAAAAAAAAAAAAAAAAAAMgG0jtIKwAAALexAwZsdS5wZGYAAAAAAAAAAAAAAAAAAAAAAAAAAAAAAAAAAAAAAAAAAAAAAAAAAAAAAAAAAAAAAAAAAAAAAAAAAAAAuBI7y+QBeAAAAAAAAAAAAAUABAAACSAAAAAAAAAAAAAAAAAAAAAMYmlibGlvZ3JhcGh5ABAACAAAyAa2GwAAABEACAAAy+PlWAAAAAEAFAC3sQMAOJyoAAkTSwAISe8AAJI/AAIAO01hY2ludG9zaCBIRDpVc2VyczpoYWljaGFvOlVuaTpCYWNoZWxvcjpiaWJsaW9ncmFwaHk6bHUucGRmAAAOAA4ABgBsAHUALgBwAGQAZgAPABoADABNAGEAYwBpAG4AdABvAHMAaAAgAEgARAASAC5Vc2Vycy9oYWljaGFvL1VuaS9CYWNoZWxvci9iaWJsaW9ncmFwaHkvbHUucGRmABMAAS8AABUAAgAO//8AAIAF0hwdHh9YJGNsYXNzZXNaJGNsYXNzbmFtZaMfICFdTlNNdXRhYmxlRGF0YVZOU0RhdGFYTlNPYmplY3RfEC8uLi8uLi8uLi8uLi8uLi9VbmkvQmFjaGVsb3IvYmlibGlvZ3JhcGh5L2x1LnBkZtIcHSQloiUhXE5TRGljdGlvbmFyeRIAAYagXxAPTlNLZXllZEFyY2hpdmVyAAgAEQAWAB8AKAAyADUAOgA8AEUASwBSAF0AZQBsAG8AcQBzAHYAeAB6AHwAhgCTAJgAoAIsAi4CMwI8AkcCSwJZAmACaQKbAqACowKwArUAAAAAAAACAQAAAAAAAAAoAAAAAAAAAAAAAAAAAAACxw==}}

@article{dodd-2000,
	Author = {Gerald D. Dodd Ill et al},
	Date-Added = {2012-05-24 15:04:39 +0200},
	Date-Modified = {2012-08-20 17:44:04 +0200},
	Journal = {RadioGraphics 2000; 20;9-27},
	Title = {Minimally Invasive Treatment of Malignant Hepatic Tumors: At the Threshold of a Major Breakthrough},
	Year = {2000},
	Bdsk-File-1 = {YnBsaXN0MDDUAQIDBAUIJidUJHRvcFgkb2JqZWN0c1gkdmVyc2lvblkkYXJjaGl2ZXLRBgdUcm9vdIABqAkKFRYXGyIjVSRudWxs0wsMDQ4RFFpOUy5vYmplY3RzV05TLmtleXNWJGNsYXNzog8QgASABqISE4ACgAOAB1lhbGlhc0RhdGFccmVsYXRpdmVQYXRo0hgNGRpXTlMuZGF0YU8RAZAAAAAAAZAAAgAADE1hY2ludG9zaCBIRAAAAAAAAAAAAAAAAAAAAMgG0jtIKwAAALexAwhkb2RkLnBkZgAAAAAAAAAAAAAAAAAAAAAAAAAAAAAAAAAAAAAAAAAAAAAAAAAAAAAAAAAAAAAAAAAAAAAAAAAAuBE/y+P+gAAAAAAAAAAAAAUABAAACSAAAAAAAAAAAAAAAAAAAAAMYmlibGlvZ3JhcGh5ABAACAAAyAa2GwAAABEACAAAy+PiYAAAAAEAFAC3sQMAOJyoAAkTSwAISe8AAJI/AAIAPU1hY2ludG9zaCBIRDpVc2VyczpoYWljaGFvOlVuaTpCYWNoZWxvcjpiaWJsaW9ncmFwaHk6ZG9kZC5wZGYAAA4AEgAIAGQAbwBkAGQALgBwAGQAZgAPABoADABNAGEAYwBpAG4AdABvAHMAaAAgAEgARAASADBVc2Vycy9oYWljaGFvL1VuaS9CYWNoZWxvci9iaWJsaW9ncmFwaHkvZG9kZC5wZGYAEwABLwAAFQACAA7//wAAgAXSHB0eH1gkY2xhc3Nlc1okY2xhc3NuYW1lox8gIV1OU011dGFibGVEYXRhVk5TRGF0YVhOU09iamVjdF8QMS4uLy4uLy4uLy4uLy4uL1VuaS9CYWNoZWxvci9iaWJsaW9ncmFwaHkvZG9kZC5wZGbSHB0kJaIlIVxOU0RpY3Rpb25hcnkSAAGGoF8QD05TS2V5ZWRBcmNoaXZlcgAIABEAFgAfACgAMgA1ADoAPABFAEsAUgBdAGUAbABvAHEAcwB2AHgAegB8AIYAkwCYAKACNAI2AjsCRAJPAlMCYQJoAnECpQKqAq0CugK/AAAAAAAAAgEAAAAAAAAAKAAAAAAAAAAAAAAAAAAAAtE=}}

@article{simon-mw,
	Author = {Caroline J. Simon and Damian E. Dupuy and William W. Mayo-Smith},
	Date-Added = {2012-05-24 13:13:13 +0200},
	Date-Modified = {2012-08-20 17:43:58 +0200},
	Journal = {RadioGraphics 2005; 25:S69--S83},
	Title = {Microwave Ablation: Principles and Applications},
	Year = {2005},
	Bdsk-File-1 = {YnBsaXN0MDDUAQIDBAUIJidUJHRvcFgkb2JqZWN0c1gkdmVyc2lvblkkYXJjaGl2ZXLRBgdUcm9vdIABqAkKFRYXGyIjVSRudWxs0wsMDQ4RFFpOUy5vYmplY3RzV05TLmtleXNWJGNsYXNzog8QgASABqISE4ACgAOAB1lhbGlhc0RhdGFccmVsYXRpdmVQYXRo0hgNGRpXTlMuZGF0YU8RAdAAAAAAAdAAAgAADE1hY2ludG9zaCBIRAAAAAAAAAAAAAAAAAAAAMgG0jtIKwAAALexAxhtaWNyb3dhdmUgcHJpbmNpcGxlcy5wZGYAAAAAAAAAAAAAAAAAAAAAAAAAAAAAAAAAAAAAAAAAAAAAAAAAAAAAuAeVy+PkSAAAAAAAAAAAAAUABAAACSAAAAAAAAAAAAAAAAAAAAAMYmlibGlvZ3JhcGh5ABAACAAAyAa2GwAAABEACAAAy+PIKAAAAAEAFAC3sQMAOJyoAAkTSwAISe8AAJI/AAIATU1hY2ludG9zaCBIRDpVc2VyczpoYWljaGFvOlVuaTpCYWNoZWxvcjpiaWJsaW9ncmFwaHk6bWljcm93YXZlIHByaW5jaXBsZXMucGRmAAAOADIAGABtAGkAYwByAG8AdwBhAHYAZQAgAHAAcgBpAG4AYwBpAHAAbABlAHMALgBwAGQAZgAPABoADABNAGEAYwBpAG4AdABvAHMAaAAgAEgARAASAEBVc2Vycy9oYWljaGFvL1VuaS9CYWNoZWxvci9iaWJsaW9ncmFwaHkvbWljcm93YXZlIHByaW5jaXBsZXMucGRmABMAAS8AABUAAgAO//8AAIAF0hwdHh9YJGNsYXNzZXNaJGNsYXNzbmFtZaMfICFdTlNNdXRhYmxlRGF0YVZOU0RhdGFYTlNPYmplY3RfEEEuLi8uLi8uLi8uLi8uLi9VbmkvQmFjaGVsb3IvYmlibGlvZ3JhcGh5L21pY3Jvd2F2ZSBwcmluY2lwbGVzLnBkZtIcHSQloiUhXE5TRGljdGlvbmFyeRIAAYagXxAPTlNLZXllZEFyY2hpdmVyAAgAEQAWAB8AKAAyADUAOgA8AEUASwBSAF0AZQBsAG8AcQBzAHYAeAB6AHwAhgCTAJgAoAJ0AnYCewKEAo8CkwKhAqgCsQL1AvoC/QMKAw8AAAAAAAACAQAAAAAAAAAoAAAAAAAAAAAAAAAAAAADIQ==}}

@incollection{boss-mwa,
	Author = {Andreas Boss and Damian Dupuy and Philippe L. Pereira},
	Booktitle = {Percutaneous Tumor Ablation},
	Date-Added = {2012-05-24 12:54:59 +0200},
	Date-Modified = {2012-08-20 17:48:58 +0200},
	Publisher = {Springer},
	Title = {Microwave Ablation},
	Year = {2008}}

@article{poon-rf,
	Author = {Ronnie T. Poon et al},
	Date-Added = {2012-05-23 15:44:11 +0200},
	Date-Modified = {2012-05-23 15:45:55 +0200},
	Journal = {Annals of Surgery, Volume 239, Number 4, April 2004},
	Title = {Learning Curve for Radiofrequency Ablation of Liver Tumors},
	Year = {2004},
	Bdsk-File-1 = {YnBsaXN0MDDUAQIDBAUIJidUJHRvcFgkb2JqZWN0c1gkdmVyc2lvblkkYXJjaGl2ZXLRBgdUcm9vdIABqAkKFRYXGyIjVSRudWxs0wsMDQ4RFFpOUy5vYmplY3RzV05TLmtleXNWJGNsYXNzog8QgASABqISE4ACgAOAB1lhbGlhc0RhdGFccmVsYXRpdmVQYXRo0hgNGRpXTlMuZGF0YU8RAcgAAAAAAcgAAgAADE1hY2ludG9zaCBIRAAAAAAAAAAAAAAAAAAAAMgG0jtIKwAAALexAxYyMDA0MDQwMHMwMDAwM3A0NDEucGRmAAAAAAAAAAAAAAAAAAAAAAAAAAAAAAAAAAAAAAAAAAAAAAAAAAAAAAAAt+nay+K2NwAAAAAAAAAAAAUABAAACSAAAAAAAAAAAAAAAAAAAAAMYmlibGlvZ3JhcGh5ABAACAAAyAa2GwAAABEACAAAy+KaFwAAAAEAFAC3sQMAOJyoAAkTSwAISe8AAJI/AAIAS01hY2ludG9zaCBIRDpVc2VyczpoYWljaGFvOlVuaTpCYWNoZWxvcjpiaWJsaW9ncmFwaHk6MjAwNDA0MDBzMDAwMDNwNDQxLnBkZgAADgAuABYAMgAwADAANAAwADQAMAAwAHMAMAAwADAAMAAzAHAANAA0ADEALgBwAGQAZgAPABoADABNAGEAYwBpAG4AdABvAHMAaAAgAEgARAASAD5Vc2Vycy9oYWljaGFvL1VuaS9CYWNoZWxvci9iaWJsaW9ncmFwaHkvMjAwNDA0MDBzMDAwMDNwNDQxLnBkZgATAAEvAAAVAAIADv//AACABdIcHR4fWCRjbGFzc2VzWiRjbGFzc25hbWWjHyAhXU5TTXV0YWJsZURhdGFWTlNEYXRhWE5TT2JqZWN0XxA/Li4vLi4vLi4vLi4vLi4vVW5pL0JhY2hlbG9yL2JpYmxpb2dyYXBoeS8yMDA0MDQwMHMwMDAwM3A0NDEucGRm0hwdJCWiJSFcTlNEaWN0aW9uYXJ5EgABhqBfEA9OU0tleWVkQXJjaGl2ZXIACAARABYAHwAoADIANQA6ADwARQBLAFIAXQBlAGwAbwBxAHMAdgB4AHoAfACGAJMAmACgAmwCbgJzAnwChwKLApkCoAKpAusC8ALzAwADBQAAAAAAAAIBAAAAAAAAACgAAAAAAAAAAAAAAAAAAAMX}}

@incollection{helmberger-rfa,
	Author = {Thomas K. Helberger},
	Booktitle = {Percutaneous Tumor Ablation},
	Date-Added = {2012-05-23 12:23:32 +0200},
	Date-Modified = {2012-08-20 17:44:18 +0200},
	Publisher = {Springer},
	Title = {Radiofrequency Ablation},
	Year = {2008}}

@article{brace-microwave,
	Author = {Christopher L. Brace et al.},
	Date-Added = {2012-05-22 15:42:44 +0200},
	Date-Modified = {2012-08-20 17:35:46 +0200},
	Journal = {Radiology: Volume 251: Number 3},
	Title = {Pulmonary Thermal Ablation},
	Year = {2009},
	Bdsk-File-1 = {YnBsaXN0MDDUAQIDBAUIJidUJHRvcFgkb2JqZWN0c1gkdmVyc2lvblkkYXJjaGl2ZXLRBgdUcm9vdIABqAkKFRYXGyIjVSRudWxs0wsMDQ4RFFpOUy5vYmplY3RzV05TLmtleXNWJGNsYXNzog8QgASABqISE4ACgAOAB1lhbGlhc0RhdGFccmVsYXRpdmVQYXRo0hgNGRpXTlMuZGF0YU8RAegAAAAAAegAAgAADE1hY2ludG9zaCBIRAAAAAAAAAAAAAAAAAAAAMgG0jtIKwAAALexAx5QdWxtb25hcnkgVGhlcm1hbCBBYmxhdGlvbi5wZGYAAAAAAAAAAAAAAAAAAAAAAAAAAAAAAAAAAAAAAAAAAAAArtlZy6I3ZQAAAAAAAAAAAAUABAAACSAAAAAAAAAAAAAAAAAAAAAMYmlibGlvZ3JhcGh5ABAACAAAyAa2GwAAABEACAAAy6IbRQAAAAEAFAC3sQMAOJyoAAkTSwAISe8AAJI/AAIAU01hY2ludG9zaCBIRDpVc2VyczpoYWljaGFvOlVuaTpCYWNoZWxvcjpiaWJsaW9ncmFwaHk6UHVsbW9uYXJ5IFRoZXJtYWwgQWJsYXRpb24ucGRmAAAOAD4AHgBQAHUAbABtAG8AbgBhAHIAeQAgAFQAaABlAHIAbQBhAGwAIABBAGIAbABhAHQAaQBvAG4ALgBwAGQAZgAPABoADABNAGEAYwBpAG4AdABvAHMAaAAgAEgARAASAEZVc2Vycy9oYWljaGFvL1VuaS9CYWNoZWxvci9iaWJsaW9ncmFwaHkvUHVsbW9uYXJ5IFRoZXJtYWwgQWJsYXRpb24ucGRmABMAAS8AABUAAgAO//8AAIAF0hwdHh9YJGNsYXNzZXNaJGNsYXNzbmFtZaMfICFdTlNNdXRhYmxlRGF0YVZOU0RhdGFYTlNPYmplY3RfEEcuLi8uLi8uLi8uLi8uLi9VbmkvQmFjaGVsb3IvYmlibGlvZ3JhcGh5L1B1bG1vbmFyeSBUaGVybWFsIEFibGF0aW9uLnBkZtIcHSQloiUhXE5TRGljdGlvbmFyeRIAAYagXxAPTlNLZXllZEFyY2hpdmVyAAgAEQAWAB8AKAAyADUAOgA8AEUASwBSAF0AZQBsAG8AcQBzAHYAeAB6AHwAhgCTAJgAoAKMAo4CkwKcAqcCqwK5AsACyQMTAxgDGwMoAy0AAAAAAAACAQAAAAAAAAAoAAAAAAAAAAAAAAAAAAADPw==}}

@techreport{baust-cryo,
	Author = {John G. Baust and Andrew A. Gage},
	Date-Added = {2012-05-22 15:23:37 +0200},
	Date-Modified = {2012-08-20 17:44:38 +0200},
	Institution = {Institute of Biomedical Technology, State University of New York, Binghamton, and *School of Medicine and Biomedical Sciences, State University of New York at Buffalo, Buffalo, New York, NY, USA},
	Title = {The molecular basis of cryosurgery},
	Year = {2005},
	Bdsk-File-1 = {YnBsaXN0MDDUAQIDBAUIJidUJHRvcFgkb2JqZWN0c1gkdmVyc2lvblkkYXJjaGl2ZXLRBgdUcm9vdIABqAkKFRYXGyIjVSRudWxs0wsMDQ4RFFpOUy5vYmplY3RzV05TLmtleXNWJGNsYXNzog8QgASABqISE4ACgAOAB1lhbGlhc0RhdGFccmVsYXRpdmVQYXRo0hgNGRpXTlMuZGF0YU8RAgAAAAAAAgAAAgAADE1hY2ludG9zaCBIRAAAAAAAAAAAAAAAAAAAAMgG0jtIKwAAALexAx9UaGUgbW9sZWN1bGFyIGJhc2lzICNBRTJBODAucGRmAAAAAAAAAAAAAAAAAAAAAAAAAAAAAAAAAAAAAAAAAAAAriqAy5ozvgAAAAAAAAAAAAUABAAACSAAAAAAAAAAAAAAAAAAAAAMYmlibGlvZ3JhcGh5ABAACAAAyAa2GwAAABEACAAAy5oXngAAAAEAFAC3sQMAOJyoAAkTSwAISe8AAJI/AAIAVE1hY2ludG9zaCBIRDpVc2VyczpoYWljaGFvOlVuaTpCYWNoZWxvcjpiaWJsaW9ncmFwaHk6VGhlIG1vbGVjdWxhciBiYXNpcyAjQUUyQTgwLnBkZgAOAE4AJgBUAGgAZQAgAG0AbwBsAGUAYwB1AGwAYQByACAAYgBhAHMAaQBzACAAbwBmACAAYwByAHkAbwBzAHUAcgBnAGUAcgB5AC4AcABkAGYADwAaAAwATQBhAGMAaQBuAHQAbwBzAGgAIABIAEQAEgBOVXNlcnMvaGFpY2hhby9VbmkvQmFjaGVsb3IvYmlibGlvZ3JhcGh5L1RoZSBtb2xlY3VsYXIgYmFzaXMgb2YgY3J5b3N1cmdlcnkucGRmABMAAS8AABUAAgAO//8AAIAF0hwdHh9YJGNsYXNzZXNaJGNsYXNzbmFtZaMfICFdTlNNdXRhYmxlRGF0YVZOU0RhdGFYTlNPYmplY3RfEE8uLi8uLi8uLi8uLi8uLi9VbmkvQmFjaGVsb3IvYmlibGlvZ3JhcGh5L1RoZSBtb2xlY3VsYXIgYmFzaXMgb2YgY3J5b3N1cmdlcnkucGRm0hwdJCWiJSFcTlNEaWN0aW9uYXJ5EgABhqBfEA9OU0tleWVkQXJjaGl2ZXIACAARABYAHwAoADIANQA6ADwARQBLAFIAXQBlAGwAbwBxAHMAdgB4AHoAfACGAJMAmACgAqQCpgKrArQCvwLDAtEC2ALhAzMDOAM7A0gDTQAAAAAAAAIBAAAAAAAAACgAAAAAAAAAAAAAAAAAAANf}}

@inbook{ahmed-basic,
	Author = {Muneeb Ahmed and S. Nahum Goldberg},
	Booktitle = {Tumor Ablation},
	Date-Added = {2012-05-22 14:51:23 +0200},
	Date-Modified = {2012-05-22 14:59:31 +0200},
	Publisher = {Springer},
	Title = {Image-Guided Tumor Ablation: Basic Science},
	Year = {2005}}

@article{filingery2005,
	Author = {V. Filingery and G. Gravante and D. Cassisa},
	Date-Added = {2012-05-22 14:34:55 +0200},
	Date-Modified = {2012-05-23 15:10:13 +0200},
	Journal = {European Review for Medical and Pharmacological Sciences},
	Title = {Physics of radiofrequency in proctology},
	Year = {2005},
	Bdsk-File-1 = {YnBsaXN0MDDUAQIDBAUIJidUJHRvcFgkb2JqZWN0c1gkdmVyc2lvblkkYXJjaGl2ZXLRBgdUcm9vdIABqAkKFRYXGyIjVSRudWxs0wsMDQ4RFFpOUy5vYmplY3RzV05TLmtleXNWJGNsYXNzog8QgASABqISE4ACgAOAB1lhbGlhc0RhdGFccmVsYXRpdmVQYXRo0hgNGRpXTlMuZGF0YU8RAhAAAAAAAhAAAgAADE1hY2ludG9zaCBIRAAAAAAAAAAAAAAAAAAAAMgG0jtIKwAAALexAx9QaHlzaWNzIG9mIHJhZGlvZnJlcSNCN0IxMDUucGRmAAAAAAAAAAAAAAAAAAAAAAAAAAAAAAAAAAAAAAAAAAAAt7EFy+FUNAAAAAAAAAAAAAUABAAACSAAAAAAAAAAAAAAAAAAAAAMYmlibGlvZ3JhcGh5ABAACAAAyAa2GwAAABEACAAAy+E4FAAAAAEAFAC3sQMAOJyoAAkTSwAISe8AAJI/AAIAVE1hY2ludG9zaCBIRDpVc2VyczpoYWljaGFvOlVuaTpCYWNoZWxvcjpiaWJsaW9ncmFwaHk6UGh5c2ljcyBvZiByYWRpb2ZyZXEjQjdCMTA1LnBkZgAOAFgAKwBQAGgAeQBzAGkAYwBzACAAbwBmACAAcgBhAGQAaQBvAGYAcgBlAHEAdQBlAG4AYwB5ACAAaQBuACAAcAByAG8AYwB0AG8AbABvAGcAeQAuAHAAZABmAA8AGgAMAE0AYQBjAGkAbgB0AG8AcwBoACAASABEABIAU1VzZXJzL2hhaWNoYW8vVW5pL0JhY2hlbG9yL2JpYmxpb2dyYXBoeS9QaHlzaWNzIG9mIHJhZGlvZnJlcXVlbmN5IGluIHByb2N0b2xvZ3kucGRmAAATAAEvAAAVAAIADv//AACABdIcHR4fWCRjbGFzc2VzWiRjbGFzc25hbWWjHyAhXU5TTXV0YWJsZURhdGFWTlNEYXRhWE5TT2JqZWN0XxBULi4vLi4vLi4vLi4vLi4vVW5pL0JhY2hlbG9yL2JpYmxpb2dyYXBoeS9QaHlzaWNzIG9mIHJhZGlvZnJlcXVlbmN5IGluIHByb2N0b2xvZ3kucGRm0hwdJCWiJSFcTlNEaWN0aW9uYXJ5EgABhqBfEA9OU0tleWVkQXJjaGl2ZXIACAARABYAHwAoADIANQA6ADwARQBLAFIAXQBlAGwAbwBxAHMAdgB4AHoAfACGAJMAmACgArQCtgK7AsQCzwLTAuEC6ALxA0gDTQNQA10DYgAAAAAAAAIBAAAAAAAAACgAAAAAAAAAAAAAAAAAAAN0}}

@phdthesis{diss-schramm,
	Author = {Wolfgang Schramm},
	Date-Added = {2012-05-22 12:32:22 +0200},
	Date-Modified = {2012-08-20 17:44:23 +0200},
	School = {Vienna University Of Technology},
	Title = {Requirements and Prototype for Supporting the Planning of Patient Specific Thermal Ablation Interventions},
	Year = {2010},
	Bdsk-File-1 = {YnBsaXN0MDDUAQIDBAUIJidUJHRvcFgkb2JqZWN0c1gkdmVyc2lvblkkYXJjaGl2ZXLRBgdUcm9vdIABqAkKFRYXGyIjVSRudWxs0wsMDQ4RFFpOUy5vYmplY3RzV05TLmtleXNWJGNsYXNzog8QgASABqISE4ACgAOAB1lhbGlhc0RhdGFccmVsYXRpdmVQYXRo0hgNGRpXTlMuZGF0YU8RAdAAAAAAAdAAAgAADE1hY2ludG9zaCBIRAAAAAAAAAAAAAAAAAAAAMgG0jtIKwAAALexAxhEaXNzX1dvbGZnYW5nU2NocmFtbS5wZGYAAAAAAAAAAAAAAAAAAAAAAAAAAAAAAAAAAAAAAAAAAAAAAAAAAAAAceAFythpzAAAAAAAAAAAAAUABAAACSAAAAAAAAAAAAAAAAAAAAAMYmlibGlvZ3JhcGh5ABAACAAAyAa2GwAAABEACAAAythbvAAAAAEAFAC3sQMAOJyoAAkTSwAISe8AAJI/AAIATU1hY2ludG9zaCBIRDpVc2VyczpoYWljaGFvOlVuaTpCYWNoZWxvcjpiaWJsaW9ncmFwaHk6RGlzc19Xb2xmZ2FuZ1NjaHJhbW0ucGRmAAAOADIAGABEAGkAcwBzAF8AVwBvAGwAZgBnAGEAbgBnAFMAYwBoAHIAYQBtAG0ALgBwAGQAZgAPABoADABNAGEAYwBpAG4AdABvAHMAaAAgAEgARAASAEBVc2Vycy9oYWljaGFvL1VuaS9CYWNoZWxvci9iaWJsaW9ncmFwaHkvRGlzc19Xb2xmZ2FuZ1NjaHJhbW0ucGRmABMAAS8AABUAAgAO//8AAIAF0hwdHh9YJGNsYXNzZXNaJGNsYXNzbmFtZaMfICFdTlNNdXRhYmxlRGF0YVZOU0RhdGFYTlNPYmplY3RfEEEuLi8uLi8uLi8uLi8uLi9VbmkvQmFjaGVsb3IvYmlibGlvZ3JhcGh5L0Rpc3NfV29sZmdhbmdTY2hyYW1tLnBkZtIcHSQloiUhXE5TRGljdGlvbmFyeRIAAYagXxAPTlNLZXllZEFyY2hpdmVyAAgAEQAWAB8AKAAyADUAOgA8AEUASwBSAF0AZQBsAG8AcQBzAHYAeAB6AHwAhgCTAJgAoAJ0AnYCewKEAo8CkwKhAqgCsQL1AvoC/QMKAw8AAAAAAAACAQAAAAAAAAAoAAAAAAAAAAAAAAAAAAADIQ==}}
